@misc{ONeil_2020,
	title={World University Rankings: Investigate the best universities in the world},
	url={https://www.kaggle.com/datasets/mylesoneill/world-university-rankings},
	journal={Kaggle},
	publisher={Kaggle},
	author={O'Neill, Myles},
	year={2020}
}

@article{spearman1904general,
	author    = {Charles Spearman},
	title     = {{``General Intelligence,'' Objectively Determined and Measured}},
	journal   = {The American Journal of Psychology},
	volume    = {15},
	number    = {2},
	pages     = {201--292},
	year      = {1904},
	publisher = {University of Illinois Press},
	doi       = {10.2307/1412107},
	url       = {https://www.jstor.org/stable/1412107}
}

@article{hashim2021higher,
	author  = {M. A. M. Hashim and I. Tlemsani and R. Matthews},
	title   = {Higher education strategy in digital transformation},
	journal = {Education and Information Technologies},
	volume  = {26},
	pages   = {6105--6134},
	year    = {2021},
	doi     = {10.1007/s10639-021-10739-1},
	url     = {https://doi.org/10.1007/s10639-021-10739-1}
}

@article{rahmadi2024research,
	author = {Rahmadi, I. F.},
	title = {Research on digital transformation in higher education: Present concerns and future endeavours},
	journal = {TechTrends},
	volume = {68},
	pages = {647--660},
	year = {2024},
	doi = {10.1007/s11528-024-00971-0},
	url = {https://doi.org/10.1007/s11528-024-00971-0}
}

@article{fernandez2023digital,
	author = {Fernández, A. and Gómez, B. and Binjaku, K. and Meçe, E. K.},
	title = {Digital transformation initiatives in higher education institutions: A multivocal literature review},
	journal = {Education and Information Technologies},
	volume = {28},
	pages = {12351--12382},
	year = {2023},
	doi = {10.1007/s10639-022-11544-0},
	url = {https://doi.org/10.1007/s10639-022-11544-0}
}

@incollection{bianchi2023it,
	author = {Bianchi, I. and Shurenov, N. and Tovma, N. and Maslova, I. and Shansharkhanov, A.},
	title = {IT governance mechanisms to foster digital transformation in higher education institutions},
	booktitle = {Digital Technologies and Transformation in Business, Industry and Organizations},
	pages = {79--99},
	year = {2023},
	publisher = {Springer},
	doi = {10.1007/978-3-031-40710-9_5},
	url = {https://doi.org/10.1007/978-3-031-40710-9_5}
}


@inproceedings{times2022rankings,
	title={Times Higher Education Rankings Analysis for Enhancing University Performance Using Multi-Criteria Decision Making},
	author={Zhou, Yinghui and Abe, Yasuhiro and Asano, Atsushi},
	booktitle={2024 IEEE 17th International Symposium on Embedded Multicore/Many-core Systems-on-Chip (MCSoC)},
	pages={117--121},
	year={2024},
	organization={IEEE},
	doi = {10.1109/MCSoC64144.2024.00030},
	url = {https://doi.org/10.1109/MCSoC64144.2024.00030}
	
}


@misc{times2023methodology,
	title = {Methodology for overall and subject rankings for the Times Higher Education World University Rankings 2025},
	year = {2023},
	url = {https://www.timeshighereducation.com/sites/default/files/breaking_news_files/the_2025_world_university_rankings_methodology.pdf}
}

@article{drechsler2018framework,
	author = {Drechsler, Andreas and Weißschädel, Stefan},
	title = {An IT Strategy Development Framework for Small and Medium Enterprises},
	journal = {Information Systems and e-Business Management},
	volume = {16},
	number = {4},
	pages = {775--798},
	year = {2018},
	doi = {10.1007/s10257-017-0342-2},
	url = {https://doi.org/10.1007/s10257-017-0342-2}
}

@article{uslu2020university,
	author = {Uslu, Burhan},
	title = {A comprehensive analysis of factors influencing international university rankings},
	journal = {Higher Education},
	volume = {79},
	number = {5},
	pages = {723--740},
	year = {2020},
	doi = {10.1007/s10734-020-00527-0},
	url = {https://doi.org/10.1007/s10734-020-00527-0}
}

@article{analytics2022competitiveness,
	title={A data analytics approach for university competitiveness: the QS world university rankings},
	author={Estrada-Real, Ana Carmen and Cantu-Ortiz, Francisco J},
	journal={International Journal on Interactive Design and Manufacturing (IJIDeM)},
	volume={16},
	number={3},
	pages={871--891},
	year={2022},
	publisher={Springer},
	doi = {10.1007/s12008-022-00966-2},
	url = {https://doi.org/10.1007/s12008-022-00966-2}
}

@article{digitalsystems2022strategy,
	author = {Dang, Duong  and Vartiainen, Tero},
	title = {Digital Strategy in Information Systems: A Literature Review and an Integrative Framework},
	journal = {Journal of Information Systems Education},
	volume = {33},
	number = {3},
	pages = {261--282},
	year = {2022},
	url = {https://jise.org/volume33/n3/JISE2022v33n3pp261-282.pdf}
}

@article{adama2024alignment,
	author = {Adama, Henry Ejiga and Popoola, Oladapo Adeboye and Okeke, Chukwuekem David and Akinoso, Abiodun Emmanuel},
	title = {Theoretical Frameworks Supporting IT and Business Strategy Alignment for Sustained Competitive Advantage},
	journal = {International Journal of Management \& Entrepreneurship Research},
	volume = {6},
	number = {1},
	pages = {33--48},
	year = {2024},
	doi = {10.1234/ijmer.2024.1058},
	url = {https://doi.org/10.51594/ijmer.v6i4.1058}
}

@article{putra2022trends,
	title={Trends in IT Strategy Implementation: A Systematic Review Across Education and Industry (2000-2022).},
	author={Dear, Varuliantor and Dedi, Nandang and Mardiani, Annis Siradj and Nugroho, Heru},
	journal={Ing{\'e}nierie des Syst{\`e}mes d'Information},
	volume={28},
	number={6},
	year={2023},
	doi = {10.18280/ijsse.120622},
	url={https://doi.org/10.18280/isi.280622}
}

@misc{the2024,
	title={World University Rankings},
	author={Time Higher Education},
	year={2025},
	howpublished = {\url{https://www.timeshighereducation.com/world-university-rankings}},
	note={Accessed 10 January 2025}
}


@inproceedings{dasilva2014cobit,
	title={IT Governance Frameworks and COBIT-A Literature Review.},
	author={Mangalaraj, George and Singh, Anil and Taneja, Aakash},
	booktitle={AMCIS},
	year={2014},
	url = {https://core.ac.uk/download/pdf/301361993.pdf}
}

@article{dehaes2009governance,
	author = {De Haes, Steven and Van Grembergen, Wim},
	title = {IT Strategy and Governance: Frameworks and Best Practices},
	journal = {ISACA Journal},
	year = {2009},
	volume = {2},
	pages = {22--27},
	url = {https://www.isaca.org/resources/isaca-journal/issues}
}

@inproceedings{elalami2021digital,
	title={IT management and governance framework for formulating a digital transformation strategy},
	author={Korachi, Zineb and Bounabat, Bouchaib},
	booktitle={International conference on advanced intelligent systems for sustainable development},
	pages={475--498},
	year={2020},
	organization={Springer},
	doi = {10.1007/978-3-030-90639-9_39},
	url = {https://link.springer.com/chapter/10.1007/978-3-030-90639-9_39}
}

